{
  "ok": true,
  "message": "Data successfully retrieved",
  "data": [
    { "date": "2021-12", "revenue": 12345.67, "issuedInvoices": 123, "activeUsers": 4567 },
    { "date": "2022-01", "revenue": 8765.43, "issuedInvoices": 98, "activeUsers": 3210 },
    { "date": "2022-02", "revenue": 9876.54, "issuedInvoices": 145, "activeUsers": 2345 },
    { "date": "2022-03", "revenue": 5432.1, "issuedInvoices": 111, "activeUsers": 6789 },
    { "date": "2022-04", "revenue": 7654.32, "issuedInvoices": 189, "activeUsers": 5432 },
    { "date": "2022-05", "revenue": 6543.21, "issuedInvoices": 222, "activeUsers": 4321 },
    { "date": "2022-06", "revenue": 4321.9, "issuedInvoices": 99, "activeUsers": 3654 },
    { "date": "2022-07", "revenue": 8765.43, "issuedInvoices": 134, "activeUsers": 3456 },
    { "date": "2022-08", "revenue": 5678.9, "issuedInvoices": 167, "activeUsers": 9876 },
    { "date": "2022-09", "revenue": 3456.78, "issuedInvoices": 200, "activeUsers": 2109 },
    { "date": "2022-10", "revenue": 7890.12, "issuedInvoices": 178, "activeUsers": 8765 },
    { "date": "2022-11", "revenue": 4567.89, "issuedInvoices": 145, "activeUsers": 6543 },
    { "date": "2022-12", "revenue": 6789.01, "issuedInvoices": 211, "activeUsers": 5678 },
    { "date": "2023-01", "revenue": 8901.23, "issuedInvoices": 187, "activeUsers": 4567 },
    { "date": "2023-02", "revenue": 9012.34, "issuedInvoices": 156, "activeUsers": 3456 },
    { "date": "2023-03", "revenue": 5678.9, "issuedInvoices": 123, "activeUsers": 7890 },
    { "date": "2023-04", "revenue": 7654.32, "issuedInvoices": 189, "activeUsers": 6543 },
    { "date": "2023-05", "revenue": 6543.21, "issuedInvoices": 222, "activeUsers": 5432 },
    { "date": "2023-06", "revenue": 4321.9, "issuedInvoices": 99, "activeUsers": 8765 },
    { "date": "2023-07", "revenue": 8765.43, "issuedInvoices": 134, "activeUsers": 4321 },
    { "date": "2023-08", "revenue": 5678.9, "issuedInvoices": 167, "activeUsers": 9876 },
    { "date": "2023-09", "revenue": 3456.78, "issuedInvoices": 200, "activeUsers": 2109 },
    { "date": "2023-10", "revenue": 7890.12, "issuedInvoices": 178, "activeUsers": 8765 },
    { "date": "2023-11", "revenue": 4567.89, "issuedInvoices": 145, "activeUsers": 6543 },
    { "date": "2023-12", "revenue": 6789.01, "issuedInvoices": 211, "activeUsers": 5678 },
    { "date": "2024-01", "revenue": 8901.23, "issuedInvoices": 187, "activeUsers": 4567 },
    { "date": "2024-02", "revenue": 9012.34, "issuedInvoices": 156, "activeUsers": 3456 },
    { "date": "2024-03", "revenue": 5678.9, "issuedInvoices": 123, "activeUsers": 7890 },
    { "date": "2024-04", "revenue": 7654.32, "issuedInvoices": 189, "activeUsers": 6543 },
    { "date": "2024-05", "revenue": 6543.21, "issuedInvoices": 222, "activeUsers": 5432 },
    { "date": "2024-06", "revenue": 4321.9, "issuedInvoices": 99, "activeUsers": 8765 },
    { "date": "2024-07", "revenue": 8765.43, "issuedInvoices": 134, "activeUsers": 4321 },
    { "date": "2024-08", "revenue": 5678.9, "issuedInvoices": 167, "activeUsers": 9876 },
    { "date": "2024-09", "revenue": 3456.78, "issuedInvoices": 200, "activeUsers": 2109 },
    { "date": "2024-10", "revenue": 7890.12, "issuedInvoices": 178, "activeUsers": 8765 },
    { "date": "2024-11", "revenue": 4567.89, "issuedInvoices": 145, "activeUsers": 6543 },
    { "date": "2024-12", "revenue": 6789.01, "issuedInvoices": 211, "activeUsers": 5678 }
  ]
}
